<?xml version="1.0" encoding="UTF-8"?><collection xmlns="http://www.loc.gov/MARC21/slim"><record><leader>00445nam--2200157-i-4500</leader><controlfield tag="001">000010366</controlfield><controlfield tag="002">20161230</controlfield><controlfield tag="005">20161230201028</controlfield><controlfield tag="008">060222s1000------------r-----000-0-eng-d</controlfield><datafield ind1=" " ind2=" " tag="080"><subfield code="a">061.3:517.5</subfield></datafield><datafield ind1="1" ind2="0" tag="100"><subfield code="a">Zarantonello, Eduardo H</subfield></datafield><datafield ind1="1" ind2=" " tag="245"><subfield code="a">Contributions to nonlinear functional analysis</subfield></datafield><datafield ind1=" " ind2=" " tag="260"><subfield code="a">New Jork, Academic Presss, 1971 Xii + 672</subfield></datafield><datafield ind1=" " ind2=" " tag="700"><subfield code="a">Eduardo H. Zarantonello</subfield></datafield><datafield ind1=" " ind2=" " tag="852"><subfield code="a">37587</subfield><subfield code="c">517.5</subfield></datafield><datafield ind1=" " ind2=" " tag="CAT"><subfield code="a">Sys</subfield><subfield code="c">20080805</subfield><subfield code="h">133122</subfield></datafield></record></collection>